<record><leader>00000cas a2200000 a 4500</leader><controlfield tag="001">17331578</controlfield><controlfield tag="008">880111d19111930wauwr ne      0    0eng d</controlfield><datafield ind1=" " ind2=" " tag="010"><subfield code="a">sn 88085138 </subfield></datafield><datafield ind1=" " ind2=" " tag="040"><subfield code="a">SLZ</subfield><subfield code="b">eng</subfield><subfield code="c">SLZ</subfield><subfield code="d">OCL</subfield><subfield code="d">OCLCQ</subfield></datafield><datafield ind1=" " ind2=" " tag="042"><subfield code="a">msc</subfield></datafield><datafield ind1="0" ind2="0" tag="245"><subfield code="a">Puyallup herald.</subfield></datafield><datafield ind1=" " ind2=" " tag="260"><subfield code="a">Puyallup, Wash. :</subfield><subfield code="b">Mount Tacoma Pub. Co.</subfield></datafield><datafield ind1=" " ind2=" " tag="300"><subfield code="a">v.</subfield></datafield><datafield ind1=" " ind2=" " tag="310"><subfield code="a">Weekly</subfield></datafield><datafield ind1="0" ind2=" " tag="362"><subfield code="a">Vol. 6, no. 45 (Sept. 8, 1911)-</subfield></datafield><datafield ind1="1" ind2=" " tag="362"><subfield code="a">Ceased in 1930.</subfield></datafield><datafield ind1=" " ind2=" " tag="752"><subfield code="a">United States</subfield><subfield code="b">Washington</subfield><subfield code="c">Pierce</subfield><subfield code="d">Puyallup.</subfield></datafield><datafield ind1="0" ind2="0" tag="780"><subfield code="t">Mount Tacoma herald</subfield><subfield code="w">(DLC)sn 88085137</subfield></datafield><datafield ind1="0" ind2="0" tag="785"><subfield code="t">Puyallup press</subfield><subfield code="w">(DLC)sn 88085139</subfield></datafield></record>